<record><leader>00000cas a22000007a 4500</leader><controlfield tag="001">15372935</controlfield><controlfield tag="008">870326d18511851inudr ne      0   a0eng d</controlfield><datafield ind1=" " ind2=" " tag="010"><subfield code="a">sn 87055455 </subfield></datafield><datafield ind1=" " ind2=" " tag="040"><subfield code="a">NPI</subfield><subfield code="b">eng</subfield><subfield code="c">NPI</subfield><subfield code="d">NVF</subfield><subfield code="d">OCLCQ</subfield><subfield code="d">DLC</subfield><subfield code="d">OCLCF</subfield></datafield><datafield ind1="0" ind2=" " tag="022"><subfield code="a">2332-2934</subfield><subfield code="2">1</subfield></datafield><datafield ind1=" " ind2=" " tag="042"><subfield code="a">msc</subfield><subfield code="a">nsdp</subfield></datafield><datafield ind1=" " ind2=" " tag="043"><subfield code="a">n-us-in</subfield></datafield><datafield ind1="0" ind2="0" tag="050"><subfield code="a">Newspaper</subfield></datafield><datafield ind1="0" ind2="0" tag="082"><subfield code="a">071</subfield><subfield code="2">23</subfield></datafield><datafield ind1="0" ind2=" " tag="130"><subfield code="a">Daily Wabash express (Terre Haute, Ind. : 1851)</subfield></datafield><datafield ind1=" " ind2="0" tag="222"><subfield code="a">Daily Wabash express</subfield><subfield code="b">(Terre Haute, Ind. 1851. Print)</subfield></datafield><datafield ind1="1" ind2="0" tag="245"><subfield code="a">Daily Wabash express.</subfield></datafield><datafield ind1=" " ind2=" " tag="260"><subfield code="a">Terre-Haute, Ind. :</subfield><subfield code="b">D.S. Danaldson</subfield></datafield><datafield ind1=" " ind2=" " tag="310"><subfield code="a">Daily</subfield></datafield><datafield ind1="1" ind2=" " tag="362"><subfield code="a">Began in 1851.</subfield></datafield><datafield ind1=" " ind2=" " tag="580"><subfield code="a">Weekly ed.: Wabash express.</subfield></datafield><datafield ind1=" " ind2=" " tag="588"><subfield code="a">Description based on: Vol. 1, no. 91 (Aug. 25, 1851).</subfield></datafield><datafield ind1=" " ind2="0" tag="651"><subfield code="a">Terre Haute (Ind.)</subfield><subfield code="v">Newspapers.</subfield></datafield><datafield ind1=" " ind2="7" tag="655"><subfield code="a">Newspapers.</subfield><subfield code="2">fast</subfield><subfield code="0">(OCoLC)fst01423814</subfield></datafield><datafield ind1=" " ind2="7" tag="651"><subfield code="a">Indiana</subfield><subfield code="z">Terre Haute.</subfield><subfield code="2">fast</subfield><subfield code="0">(OCoLC)fst01207975</subfield></datafield><datafield ind1=" " ind2=" " tag="752"><subfield code="a">United States</subfield><subfield code="b">Indiana</subfield><subfield code="c">Vigo</subfield><subfield code="d">Terre Haute.</subfield></datafield><datafield ind1="1" ind2=" " tag="775"><subfield code="t">Wabash express</subfield><subfield code="x">2332-1075</subfield><subfield code="w">(DLC)sn 82016350</subfield><subfield code="w">(OCoLC)9297300</subfield></datafield><datafield ind1="0" ind2="0" tag="785"><subfield code="t">Terre-Haute daily express (Terre Haute, Ind. : 1851)</subfield><subfield code="w">(DLC)sn 87055456</subfield></datafield></record>